<record><leader>00000cas a22000007a 4500</leader><controlfield tag="001">19340735</controlfield><controlfield tag="008">890310d19621973paucr ne      0    0eng d</controlfield><datafield ind1=" " ind2=" " tag="010"><subfield code="a">sn 89077095 </subfield></datafield><datafield ind1=" " ind2=" " tag="040"><subfield code="a">NPH</subfield><subfield code="b">eng</subfield><subfield code="c">NPH</subfield><subfield code="d">OCLCQ</subfield></datafield><datafield ind1=" " ind2=" " tag="042"><subfield code="a">msc</subfield></datafield><datafield ind1="0" ind2=" " tag="130"><subfield code="a">Butler County news record (Zelienople, Pa. : 1962)</subfield></datafield><datafield ind1="1" ind2="0" tag="245"><subfield code="a">Butler County news record.</subfield></datafield><datafield ind1=" " ind2=" " tag="260"><subfield code="a">Zelienople, Pa. :</subfield><subfield code="b">News-Record, Inc.,</subfield><subfield code="c">1962-1973.</subfield></datafield><datafield ind1=" " ind2=" " tag="300"><subfield code="a">v. :</subfield><subfield code="b">ill.</subfield></datafield><datafield ind1=" " ind2=" " tag="310"><subfield code="a">Semiweekly,</subfield><subfield code="b">&lt;1972-1973&gt;</subfield></datafield><datafield ind1=" " ind2=" " tag="321"><subfield code="a">Weekly,</subfield><subfield code="b">&lt;1962-1972&gt;</subfield></datafield><datafield ind1="0" ind2=" " tag="362"><subfield code="a">84th yr., no. 24 (Mar. 8, 1962)-97th yr., no. 6 (Sept. 8/9, 1973).</subfield></datafield><datafield ind1=" " ind2=" " tag="752"><subfield code="a">United States</subfield><subfield code="b">Pennsylvania</subfield><subfield code="c">Butler</subfield><subfield code="d">Zelienople.</subfield></datafield><datafield ind1="0" ind2="0" tag="780"><subfield code="t">News-record (Zelienople, Pa.)</subfield><subfield code="w">(DLC)sn 89077094</subfield></datafield><datafield ind1="0" ind2="0" tag="785"><subfield code="t">Butler County news (Zelienople, Pa.)</subfield><subfield code="w">(DLC)sn 89077096</subfield></datafield></record>